@book{shu,
   title={书名},
  author={作者},
  year={2018},
  publisher={出版社,起止页码.}
}

@article{schulman2017proximal,
  title={Proximal policy optimization algorithms},
  author={Schulman, John and Wolski, Filip and Dhariwal, Prafulla and Radford, Alec and Klimov, Oleg},
  journal={arXiv preprint arXiv:1707.06347},
  year={2017}
}

@article{journal,
  title={书名},
  author={作者},
  volume={44},
  number={4},
  pages={455--466},
  year={2014},
}


@inproceedings{mnih2016asynchronous,
  title={Asynchronous methods for deep reinforcement learning},
  author={Mnih, Volodymyr and Badia, Adria Puigdomenech and Mirza, Mehdi and Graves, Alex and Lillicrap, Timothy and Harley, Tim and Silver, David and Kavukcuoglu, Koray},
  booktitle={International conference on machine learning},
  pages={1928--1937},
  year={2016},
  organization={PMLR}
}

@article{huang2020closer,
  title={A closer look at invalid action masking in policy gradient algorithms},
  author={Huang, Shengyi and Onta{\~n}{\'o}n, Santiago},
  journal={arXiv preprint arXiv:2006.14171},
  year={2020}
}

@misc{OpenAIGym,
  Author = {Greg Brockman and Vicki Cheung and Ludwig Pettersson and Jonas Schneider and John Schulman and Jie Tang and Wojciech Zaremba},
  Title = {OpenAI Gym},
  Year = {2016},
  Eprint = {arXiv:1606.01540},
}

@article{grandl2014multi,
  title={Multi-resource packing for cluster schedulers},
  author={Grandl, Robert and Ananthanarayanan, Ganesh and Kandula, Srikanth and Rao, Sriram and Akella, Aditya},
  journal={ACM SIGCOMM Computer Communication Review},
  volume={44},
  number={4},
  pages={455--466},
  year={2014},
  publisher={ACM New York, NY, USA}
}

